@inproceedings{vaswani2017attention,
  title={Attention Is All You Need},
  author={Vaswani, Ashish and Shazeer, Noam and Parmar, Niki and Uszkoreit, Jakob and Jones, Llion and Gomez, Aidan N. and Kaiser, ≈Åukasz and Polosukhin, Illia},
  booktitle={Advances in Neural Information Processing Systems 30 (NIPS 2017)},
  pages={5998--6008},
  year={2017},
  url={https://papers.nips.cc/paper/2017/hash/3f5ee243547dee91fbd053c1c4a845aa-Abstract.html},
  eprint={1706.03762},
  archiveprefix={arXiv},
  primaryclass={cs.CL}
}

@inproceedings{brown2020language,
  title={Language Models are Few-Shot Learners},
  author={Brown, Tom B. and Mann, Benjamin and Ryder, Nick and Subbiah, Melanie and Kaplan, Jared and Dhariwal, Prafulla and Neelakantan, Arvind and Shyam, Pranav and Sastry, Girish and Askell, Amanda and Agarwal, Sandhini and Herbert-Voss, Ariel and Krueger, Gretchen and Henighan, Tom and Child, Rewon and Ramesh, Aditya and Ziegler, Daniel M. and Wu, Jeffrey and Winter, Clemens and Hesse, Christopher and Chen, Mark and Sigler, Eric and Litwin, Mateusz and Gray, Scott and Chess, Benjamin and Clark, Jack and Berner, Christopher and McCandlish, Sam and Radford, Alec and Sutskever, Ilya and Amodei, Dario},
  booktitle={Advances in Neural Information Processing Systems 33 (NeurIPS 2020)},
  pages={1877--1901},
  year={2020},
  eprint={2005.14165},
  archiveprefix={arXiv},
  primaryclass={cs.CL}
}

@inproceedings{lundberg2017unified,
  title={A Unified Approach to Interpreting Model Predictions},
  author={Lundberg, Scott M. and Lee, Su-In},
  booktitle={Advances in Neural Information Processing Systems 30 (NIPS 2017)},
  pages={4765--4774},
  year={2017},
  url={https://proceedings.neurips.cc/paper/2017/hash/8a20a8621978632d76c43dfd28b67767-Abstract.html},
  eprint={1705.07874},
  archiveprefix={arXiv},
  primaryclass={cs.AI}
}

@inproceedings{ribeiro2016why,
  title={"Why Should I Trust You?": Explaining the Predictions of Any Classifier},
  author={Ribeiro, Marco Tulio and Singh, Sameer and Guestrin, Carlos},
  booktitle={Proceedings of the 22nd ACM SIGKDD International Conference on Knowledge Discovery and Data Mining},
  series = {KDD '16},
  pages={1135--1144},
  year={2016},
  doi={10.1145/2939672.2939778},
  eprint={1602.04938},
  archiveprefix={arXiv},
  primaryclass={cs.LG}
}

@misc{hinton2015distilling,
  title={Distilling the Knowledge in a Neural Network},
  author={Hinton, Geoffrey and Vinyals, Oriol and Dean, Jeff},
  year={2015},
  eprint={1503.02531},
  archiveprefix={arXiv},
  primaryclass={stat.ML},
  note={arXiv preprint, also presented at NIPS 2014 Deep Learning Workshop}
}

@inproceedings{shazeer2017outrageously,
  title={Outrageously Large Neural Networks: The Sparsely-Gated Mixture-of-Experts Layer},
  author={Shazeer, Noam and Mirhoseini, Azalia and Maziarz, Krzysztof and Davis, Andy and Le, Quoc and Hinton, Geoffrey and Dean, Jeff},
  booktitle={International Conference on Learning Representations (ICLR 2017)},
  year={2017},
  eprint={1701.06538},
  archiveprefix={arXiv},
  primaryclass={cs.LG}
}

@article{fedus2022switch,
  title={Switch Transformers: Scaling to Trillion Parameter Models with Simple and Efficient Sparsity},
  author={Fedus, William and Zoph, Barret and Shazeer, Noam},
  journal={Journal of Machine Learning Research (JMLR)},
  volume={23},
  number={120},
  pages={1--39},
  year={2022},
  eprint={2101.03961},
  archiveprefix={arXiv},
  primaryclass={cs.LG}
}

@inproceedings{kontschieder2015deep,
  title={Deep Neural Decision Forests},
  author={Kontschieder, Peter and Fiterau, Madalina and Criminisi, Antonio and Bulo, Samuel Rota},
  booktitle={Proceedings of the IEEE International Conference on Computer Vision (ICCV)},
  pages={1467--1475},
  year={2015},
  doi={10.1109/ICCV.2015.172}
}

@inproceedings{chen2019augmented,
  title={Augmented Neural {ODE}s},
  author={Chen, Ricky T. Q. and Behrmann, Jens and Duvenaud, David and Jacobsen, J{\"o}rn-Henrik},
  booktitle={Advances in Neural Information Processing Systems 32 (NeurIPS 2019)},
  pages={4014--4024},
  year={2019},
  eprint={1904.01681},
  archiveprefix={arXiv},
  primaryclass={cs.LG}
}

@inproceedings{huang2017densely,
  title={Densely Connected Convolutional Networks},
  author={Huang, Gao and Liu, Zhuang and {van der Maaten}, Laurens and Weinberger, Kilian Q.},
  booktitle={Proceedings of the IEEE Conference on Computer Vision and Pattern Recognition (CVPR)},
  pages={4700--4708},
  year={2017},
  doi={10.1109/CVPR.2017.243},
  eprint={1608.06993},
  archiveprefix={arXiv},
  primaryclass={cs.CV}
}

@article{jacobs1991adaptive,
  title={Adaptive mixtures of local experts},
  author={Jacobs, Robert A. and Jordan, Michael I. and Nowlan, Steven J. and Hinton, Geoffrey E.},
  journal={Neural Computation},
  volume={3},
  number={1},
  pages={79--87},
  year={1991},
  doi={10.1162/neco.1991.3.1.79}
}

@inproceedings{zhou2022mixture,
  title={Mixture-of-Experts with Expert Choice Routing},
  author={Zhou, Yanqi and Lei, Tao and Liu, Hanxiao and Du, Nan and Huang, Yanping and Zhao, Vincent and Dai, Andrew and Chen, Zhifeng and Le, Quoc and Laudon, James},
  booktitle={Advances in Neural Information Processing Systems 35 (NeurIPS 2022)},
  pages={7071--7084},
  year={2022},
  eprint={2202.09368},
  archiveprefix={arXiv},
  primaryclass={cs.LG}
}

@inproceedings{jang2017categorical,
  title={Categorical Reparameterization with Gumbel-Softmax},
  author={Jang, Eric and Gu, Shixiang and Poole, Ben},
  booktitle={International Conference on Learning Representations (ICLR 2017)},
  year={2017},
  eprint={1611.01144},
  archiveprefix={arXiv},
  primaryclass={stat.ML}
}

@inproceedings{maddison2017concrete,
  title={The Concrete Distribution: A Continuous Relaxation of Discrete Random Variables},
  author={Maddison, Chris J. and Mnih, Andriy and Teh, Yee Whye},
  booktitle={International Conference on Learning Representations (ICLR 2017)},
  year={2017},
  eprint={1611.00712},
  archiveprefix={arXiv},
  primaryclass={stat.ML}
}

@inproceedings{peters2019sparse,
  title={Sparse Sequence-to-Sequence Models},
  author={Peters, Ben and Niculae, Vlad and Martins, Andr{\'e} F. T.},
  booktitle={Proceedings of the 57th Annual Meeting of the Association for Computational Linguistics (ACL)},
  pages={1504--1519},
  year={2019},
  doi={10.18653/v1/P19-1146},
  eprint={1905.05702},
  archiveprefix={arXiv},
  primaryclass={cs.LG}
}

@inproceedings{romero2015fitnets,
  title={FitNets: Hints for Thin Deep Nets},
  author={Romero, Adriana and Ballas, Nicolas and Kahou, Samira Ebrahimi and Chassang, Antoine and Gatta, Carlo and Bengio, Yoshua},
  booktitle={International Conference on Learning Representations (ICLR 2015)},
  year={2015},
  eprint={1412.6550},
  archiveprefix={arXiv},
  primaryclass={cs.LG},
  note={ICLR 2015 Conference Track Paper}
}

@inproceedings{zagoruyko2017paying,
  title={Paying More Attention to Attention: Improving the Performance of Convolutional Neural Networks via Attention Transfer},
  author={Zagoruyko, Sergey and Komodakis, Nikos},
  booktitle={International Conference on Learning Representations (ICLR 2017)},
  year={2017},
  eprint={1612.03928},
  archiveprefix={arXiv},
  primaryclass={cs.CV},
  note={ICLR 2017 Conference Track Paper}
}

@inproceedings{jain2019attention,
  title={Attention is not Explanation},
  author={Jain, Sarthak and Wiegreffe, Sarah},
  booktitle={Proceedings of the 2019 Conference on Empirical Methods in Natural Language Processing and the 9th International Joint Conference on Natural Language Processing (EMNLP-IJCNLP)},
  pages={11--20},
  year={2019},
  doi={10.18653/v1/D19-1002},
  eprint={1902.10186},
  archiveprefix={arXiv},
  primaryclass={cs.CL}
}

@inproceedings{sabour2017dynamic,
  title={Dynamic Routing Between Capsules},
  author={Sabour, Sara and Frosst, Nicholas and Hinton, Geoffrey E.},
  booktitle={Advances in Neural Information Processing Systems 30 (NIPS 2017)},
  pages={3856--3866},
  year={2017},
  url={https://papers.nips.cc/paper/2017/hash/2cad8fa43a1379a65491956458937474-Abstract.html},
  eprint={1710.09829},
  archiveprefix={arXiv},
  primaryclass={cs.CV}
}
